 
 @article{miller_nefkens,
 title={Charge symmetry, quarks and mesons}, journal={Physics Reports}, publisher={North-Holland}, 
 author={Miller, G.A. and Nefkens, B.M.K. and Å laus, I.}, 
 year={1990}, 
 month={Oct},
 volume = {194},
 pages = {1-116},
 issues = {1-2}
 } 
 
@article{Miller:1990ky,
      author         = "Miller, Gerald A.",
      title          = "{Charge symmetry breaking}",
      journal        = "Nucl. Phys.",
      volume         = "A518",
      year           = "1990",
      pages          = "345-357",
      doi            = "10.1016/0375-9474(90)90555-Z",
      reportNumber   = "DOE-ER-40427-01-N90",
      SLACcitation   = "%%CITATION = NUPHA,A518,345;%%"
}

@article{Londergan:1998,
authot = "J.T.Londergan and A.W.Thomas",
title = "{The Validity of Charge Symmetry for Parton Distributions}",
journa = "Prog.Part.Nucl.Phys.41:49-124,1998",

}
@article{PhysRevLett.88.091802,
  title = {Precise Determination of Electroweak Parameters in Neutrino-Nucleon Scattering},
  author = {Zeller, G. P. and et al},
  journal = {Phys. Rev. Lett.},
  volume = {88},
  issue = {9},
  pages = {091802},
  numpages = {4},
  year = {2002},
  month = {Feb},
  publisher = {American Physical Society},
  doi = {10.1103/PhysRevLett.88.091802},
  url = {https://link.aps.org/doi/10.1103/PhysRevLett.88.091802}
}

@article{PhysRevLett.66.2712,
  title = {Gottfried sum from the ratio ${\mathit{F}}_{2}^{\mathit{n}}$/${\mathit{F}}_{2}^{\mathit{p}}$},
  author = {P. Amaudruz et al.},
  journal = {Phys. Rev. Lett.},
  volume = {66},
  issue = {21},
  pages = {2712--2715},
  numpages = {0},
  year = {1991},
  month = {May},
  publisher = {American Physical Society},
  doi = {10.1103/PhysRevLett.66.2712},
  url = {https://link.aps.org/doi/10.1103/PhysRevLett.66.2712}
}
@article{Baldit:1994jk,
      author         = "Baldit, A. and others",
      title          = "{Study of the isospin symmetry breaking in the light
                        quark sea of the nucleon from the Drell-Yan process}",
      collaboration  = "NA51",
      journal        = "Phys. Lett.",
      volume         = "B332",
      year           = "1994",
      pages          = "244-250",
      doi            = "10.1016/0370-2693(94)90884-2",
      reportNumber   = "LYCEN-9426",
      SLACcitation   = "%%CITATION = PHLTA,B332,244;%%"
}
@article{PhysRevLett.80.3715,
  title = {Measurement of the Light Antiquark Flavor Asymmetry in the Nucleon Sea},
  author = {Hawker, E. A. et al},
  collaboration = {Fermilab E866/NuSea Collaboration},
  journal = {Phys. Rev. Lett.},
  volume = {80},
  issue = {17},
  pages = {3715--3718},
  numpages = {0},
  year = {1998},
  month = {Apr},
  publisher = {American Physical Society},
  doi = {10.1103/PhysRevLett.80.3715},
  url = {https://link.aps.org/doi/10.1103/PhysRevLett.80.3715}
}
@article{PhysRevD.64.052002,
  title = {Improved measurement of the $\overline{d}/\ifmmode \bar{u}\else \={u}\fi{}$ asymmetry in the nucleon sea},
  author = {Towell, R. S. et all},
  collaboration = {FNAL E866/NuSea Collaboration},
  journal = {Phys. Rev. D},
  volume = {64},
  issue = {5},
  pages = {052002},
  numpages = {16},
  year = {2001},
  month = {Aug},
  publisher = {American Physical Society},
  doi = {10.1103/PhysRevD.64.052002},
  url = {https://link.aps.org/doi/10.1103/PhysRevD.64.052002}
}

@book{higham1998handbook,
  Title={Handbook of writing for the mathematical sciences},
  author={Higham, N.J.},
  year={1998},
  publisher={Society for Industrial Mathematics}
}
